@misc{huang2018music,
      title={Music Transformer}, 
      author={Cheng-Zhi Anna Huang and Ashish Vaswani and Jakob Uszkoreit and Noam Shazeer and Ian Simon and Curtis Hawthorne and Andrew M. Dai and Matthew D. Hoffman and Monica Dinculescu and Douglas Eck},
      year={2018},
      eprint={1809.04281},
      archivePrefix={arXiv},
      primaryClass={cs.LG}
}

@misc{kotecha2018generating,
      title={Generating Music using an LSTM Network}, 
      author={Nikhil Kotecha and Paul Young},
      year={2018},
      eprint={1804.07300},
      archivePrefix={arXiv},
      primaryClass={cs.SD}
}

@misc{vaswani2017attention,
      title={Attention Is All You Need}, 
      author={Ashish Vaswani and Noam Shazeer and Niki Parmar and Jakob Uszkoreit and Llion Jones and Aidan N. Gomez and Lukasz Kaiser and Illia Polosukhin},
      year={2017},
      eprint={1706.03762},
      archivePrefix={arXiv},
      primaryClass={cs.CL}
}

@misc{zhao2020verticalhorizontal,
      title={Vertical-Horizontal Structured Attention for Generating Music with Chords}, 
      author={Yizhou Zhao and Liang Qiu and Wensi Ai and Feng Shi and Song-Chun Zhu},
      year={2020},
      eprint={2011.09078},
      archivePrefix={arXiv},
      primaryClass={cs.SD}
}